% Encoding: windows-1252

@Comment{jabref-meta: databaseType:bibtex;}
